%
% BibTex Database
% ===========================================================================
% This is part of the document "Zephyr Project".
% Authors: schma5
%

@BOOK{Example,
    title = {Learning SQL on SQL Server 2005},
    publisher = {O'Reilly},
    year = {2006},
    author = {Sikha Saha Bagui and Richard Earp},
    isbn = {978-059-610-2159}
}

@misc{ZephyrProjectDocumentation,
    author = {ZephyrProject},
    title = {ZephryProject Documentation},
    url = {https://www.zephyrproject.org/doc/board/board.html}
}

@misc{ApacheLicense,
    author = {Apache Software Foundation},
    title = {Apache License 2.0},
    url = {http://www.apache.org/licenses/LICENSE-2.0}
}

@misc{HeiseDe,
    author = {Thorsten Leemhuis},
    title = {Linux-Foundation startet Projekt für IoT-Betriebssystem}
    url = {https://www.heise.de/newsticker/meldung/Zephyr-Linux-Foundation-startet-Projekt-fuer-IoT-Betriebssystem-ohne-Linux-3109906.html}
}

@misc{LinuxFoundation,
    author = {Linux Foundation},
    title = {Linux Foundation announces RTOS for IoT Devices}
    url = {https://www.linuxfoundation.org/news-media/announcements/2016/02/linux-foundation-announces-project-build-real-time-operating-system}
}

@misc{MiKTeX,
  author = {Christian Schenk},
  title = {{MiKTeX Project Page}},
  url = {http://www.miktex.org/},
}

@misc{TeXnicCenter,
  author = {Sven Wiegand},
  title = {{TeXnicCenter}},
  url = {http://www.TeXnicCenter.org/},
}
