%
% BibTex Database
% ===========================================================================
% This is part of the document "Project documentation template".
% Authors: brd3
%

@misc{ Nobody06,
       author = "Nobody Jr",
       title = "My Article",
       year = "2006" }

@misc{Zephyr,
    title = {Zephyr Project Page [Aufruf vom 24.10.2016]},
    url = {https://www.zephyrproject.org/},
    year = {2016}
}

@misc{LinuxFoundation,
    title = {The Linux Foundation Projects[Aufruf vom 24.10.2016]},
    url = {https://www.linuxfoundation.org/projects},
    year = {2016}
}
